@book{dewitt1985multiprocessor,
	title={Multiprocessor hash-based join algorithms},
	author={DeWitt, David J and Gerber, Robert},
	year={1985},
	publisher={University of Wisconsin-Madison, Computer Sciences Department}
}

@article{kitsuregawa1983application,
	title={Application of hash to data base machine and its architecture},
	author={Kitsuregawa, Masaru and Tanaka, Hidehiko and Moto-Oka, Tohru},
	journal={New Generation Computing},
	volume={1},
	number={1},
	pages={63--74},
	year={1983},
	publisher={Springer}
}

@inproceedings{yang2010osprey,
  title={Osprey: Implementing MapReduce-style fault tolerance in a shared-nothing distributed database},
  author={Yang, Christopher and Yen, Christine and Tan, Ceryen and Madden, Samuel R},
  booktitle={Data Engineering (ICDE), 2010 IEEE 26th International Conference on},
  pages={657--668},
  year={2010},
  organization={IEEE}
}

@inproceedings{quiane2011rafting,
  title={RAFTing MapReduce: Fast recovery on the RAFT},
  author={Quiane-Ruiz, Jorge-Arnulfo and Pinkel, Christoph and Schad, J{\"o}rg and Dittrich, Jens},
  booktitle={Data Engineering (ICDE), 2011 IEEE 27th International Conference on},
  pages={589--600},
  year={2011},
  organization={IEEE}
}


@inproceedings{malewicz2010pregel,
  title={Pregel: a system for large-scale graph processing},
  author={Malewicz, Grzegorz and Austern, Matthew H and Bik, Aart JC and Dehnert, James C and Horn, Ilan and Leiser, Naty and Czajkowski, Grzegorz},
  booktitle={Proceedings of the 2010 ACM SIGMOD International Conference on Management of data},
  pages={135--146},
  year={2010},
  organization={ACM}
}


@inproceedings{ekanayake2010twister,
  title={Twister: a runtime for iterative mapreduce},
  author={Ekanayake, Jaliya and Li, Hui and Zhang, Bingjing and Gunarathne, Thilina and Bae, Seung-Hee and Qiu, Judy and Fox, Geoffrey},
  booktitle={Proceedings of the 19th ACM International Symposium on High Performance Distributed Computing},
  pages={810--818},
  year={2010},
  organization={ACM}
}


@article{bu2010haloop,
  title={HaLoop: efficient iterative data processing on large clusters},
  author={Bu, Yingyi and Howe, Bill and Balazinska, Magdalena and Ernst, Michael D},
  journal={Proceedings of the VLDB Endowment},
  volume={3},
  number={1-2},
  pages={285--296},
  year={2010},
  publisher={VLDB Endowment}
}


@inproceedings{afrati2010optimizing,
  title={Optimizing joins in a map-reduce environment},
  author={Afrati, Foto N and Ullman, Jeffrey D},
  booktitle={Proceedings of the 13th International Conference on Extending Database Technology},
  pages={99--110},
  year={2010},
  organization={ACM}
}


@inproceedings{yang2007map,
  title={Map-reduce-merge: simplified relational data processing on large clusters},
  author={Yang, Hung-chih and Dasdan, Ali and Hsiao, Ruey-Lung and Parker, D Stott},
  booktitle={Proceedings of the 2007 ACM SIGMOD international conference on Management of data},
  pages={1029--1040},
  year={2007},
  organization={ACM}
}


@article{dewitt1992parallel,
  title={Parallel database systems: the future of high performance database systems},
  author={DeWitt, David and Gray, Jim},
  journal={Communications of the ACM},
  volume={35},
  number={6},
  pages={85--98},
  year={1992},
  publisher={ACM}
}

@article{gantz2010digital,
  title={The digital universe decade-are you ready},
  author={Gantz, John and Reinsel, David},
  journal={IDC iView},
  year={2010}
}

@article{jiang2010performance,
  title={The performance of mapreduce: An in-depth study},
  author={Jiang, Dawei and Ooi, Beng Chin and Shi, Lei and Wu, Sai},
  journal={Proceedings of the VLDB Endowment},
  volume={3},
  number={1-2},
  pages={472--483},
  year={2010},
  publisher={VLDB Endowment}
}

@article{dean2001mapreduce,
  title={Mapreduce: Simplified data processing on large clusters, osdiâ€™04: Sixth symposium on operating system design and implementation, san francisco, ca, december, 2004},
  author={Dean, Jeffrey and Ghemawat, Sanjay},
  journal={S. Dill, R. Kumar, K. McCurley, S. Rajagopalan, D. Sivakumar, ad A. Tomkins, Self-similarity in the Web, Proc VLDB},
  year={2001}
}

@inproceedings{pavlo2009comparison,
  title={A comparison of approaches to large-scale data analysis},
  author={Pavlo, Andrew and Paulson, Erik and Rasin, Alexander and Abadi, Daniel J and DeWitt, David J and Madden, Samuel and Stonebraker, Michael},
  booktitle={Proceedings of the 2009 ACM SIGMOD International Conference on Management of data},
  pages={165--178},
  year={2009},
  organization={ACM}
}

@article{chaiken2008scope,
  title={SCOPE: easy and efficient parallel processing of massive data sets},
  author={Chaiken, Ronnie and Jenkins, Bob and Larson, Per-{\AA}ke and Ramsey, Bill and Shakib, Darren and Weaver, Simon and Zhou, Jingren},
  journal={Proceedings of the VLDB Endowment},
  volume={1},
  number={2},
  pages={1265--1276},
  year={2008},
  publisher={VLDB Endowment}
}

@article{dittrich2010hadoop++,
  title={Hadoop++: making a yellow elephant run like a cheetah (without it even noticing)},
  author={Dittrich, Jens and Quian{\'e}-Ruiz, Jorge-Arnulfo and Jindal, Alekh and Kargin, Yagiz and Setty, Vinay and Schad, J{\"o}rg},
  journal={Proceedings of the VLDB Endowment},
  volume={3},
  number={1-2},
  pages={515--529},
  year={2010},
  publisher={VLDB Endowment}
}

@article{thusoo2009hive,
  title={Hive: a warehousing solution over a map-reduce framework},
  author={Thusoo, Ashish and Sarma, Joydeep Sen and Jain, Namit and Shao, Zheng and Chakka, Prasad and Anthony, Suresh and Liu, Hao and Wyckoff, Pete and Murthy, Raghotham},
  journal={Proceedings of the VLDB Endowment},
  volume={2},
  number={2},
  pages={1626--1629},
  year={2009},
  publisher={VLDB Endowment}
}

@inproceedings{morton2010estimating,
  title={Estimating the progress of MapReduce pipelines},
  author={Morton, Kristi and Friesen, Abram and Balazinska, Magdalena and Grossman, Dan},
  booktitle={Data Engineering (ICDE), 2010 IEEE 26th International Conference on},
  pages={681--684},
  year={2010},
  organization={IEEE}
}

@inproceedings{olston2008pig,
  title={Pig latin: a not-so-foreign language for data processing},
  author={Olston, Christopher and Reed, Benjamin and Srivastava, Utkarsh and Kumar, Ravi and Tomkins, Andrew},
  booktitle={Proceedings of the 2008 ACM SIGMOD international conference on Management of data},
  pages={1099--1110},
  year={2008},
  organization={ACM}
}

@article{zaharia2010spark,
  title={Spark: Cluster Computing with Working Sets.},
  author={Zaharia, Matei and Chowdhury, Mosharaf and Franklin, Michael J and Shenker, Scott and Stoica, Ion},
  journal={HotCloud},
  volume={10},
  pages={10--10},
  year={2010}
}

@inproceedings{zaharia2012resilient,
  title={Resilient distributed datasets: A fault-tolerant abstraction for in-memory cluster computing},
  author={Zaharia, Matei and Chowdhury, Mosharaf and Das, Tathagata and Dave, Ankur and Ma, Justin and McCauley, Murphy and Franklin, Michael J and Shenker, Scott and Stoica, Ion},
  booktitle={Proceedings of the 9th USENIX conference on Networked Systems Design and Implementation},
  pages={2--2},
  year={2012},
  organization={USENIX Association}
}
